@INPROCEEDINGS{2024Raj10522165,
  author={Raj, Ashish and Srivastav, Harsh and Shukla, Shraddha and Vipin and Gupta, Nishu},
  booktitle={2024 11th International Conference on Reliability, Infocom Technologies and Optimization (Trends and Future Directions) (ICRITO)}, 
  title={Facial Recognition-Based Student Attendance System}, 
  year={2024},
  volume={},
  number={},
  pages={1-5},
  keywords={Support vector machines;Face recognition;Manuals;Vectors;Recording;Classification algorithms;Convolutional neural networks;CNN;HAAR classifiers;Support Vector Machine (SVM);Viola-Jones algorithm;k-Nearest Neighbors (KNN) algorithm},
  doi={10.1109/ICRITO61523.2024.10522165}}

@INPROCEEDINGS{2021Brown9395836,
  author={Brown, Dane},
  booktitle={2021 International Conference on Artificial Intelligence and Smart Systems (ICAIS)}, 
  title={Mobile Attendance based on Face Detection and Recognition using OpenVINO}, 
  year={2021},
  volume={},
  number={},
  pages={1152-1157},
  keywords={Economic indicators;Face recognition;Computer architecture;Cameras;Face detection;Artificial intelligence;Faces;Computer Vision;Face;Identification;ResNet},
  doi={10.1109/ICAIS50930.2021.9395836}}

@INPROCEEDINGS{2020Bhat9155755,
  author={Bhat, Aruna and Rustagi, Shivam and Purwaha, Shivi R and Singhal, Shubhang},
  booktitle={2020 International Conference on Electronics and Sustainable Communication Systems (ICESC)}, 
  title={Deep-learning based group-photo Attendance System using One Shot Learning}, 
  year={2020},
  volume={},
  number={},
  pages={546-551},
  keywords={Face;Face recognition;Bluetooth;Computational modeling;Training;Face detection;Conferences;Face Recognition;Deep Convolution Neural Network;Face Attendance System;Semi-Hard Negative Triplet Mining},
  doi={10.1109/ICESC48915.2020.9155755}}

@misc{2024Fernando18302,
      title={Deep Network Pruning: A Comparative Study on CNNs in Face Recognition}, 
      author={Fernando Alonso-Fernandez and Kevin Hernandez-Diaz and Jose Maria Buades Rubio and Prayag Tiwari and Josef Bigun},
      year={2024},
      eprint={2405.18302},
      archivePrefix={arXiv},
      primaryClass={cs.CV},
      url={https://arxiv.org/abs/2405.18302}, 
}

@article{2023Deng12903,
author = {Deng, Zong-Yue and Chiang, Hsin-Han and Kang, Li-Wei and Li, Hsiao-Chi},
title = {A lightweight deep learning model for real-time face recognition},
journal = {IET Image Processing},
volume = {17},
number = {13},
pages = {3869-3883},
keywords = {convolutional neural nets, face recognition, image recognition, face recognition, lightweight deep model, one-shot learning, deep convolutional neural network},
doi = {https://doi.org/10.1049/ipr2.12903},
url = {https://ietresearch.onlinelibrary.wiley.com/doi/abs/10.1049/ipr2.12903},
eprint = {https://ietresearch.onlinelibrary.wiley.com/doi/pdf/10.1049/ipr2.12903},
year = {2023}
}

@misc{2022khabar05572,
      title={Face Detection on Mobile: Five Implementations and Analysis}, 
      author={Kostiantyn Khabarlak},
      year={2022},
      eprint={2205.05572},
      archivePrefix={arXiv},
      primaryClass={cs.CV},
      url={https://arxiv.org/abs/2205.05572}, 
}

@inproceedings{Liu2015SSDSS,
  title={SSD: Single Shot MultiBox Detector},
  author={W. Liu and Dragomir Anguelov and D. Erhan and Christian Szegedy and Scott E. Reed and Cheng-Yang Fu and Alexander C. Berg},
  booktitle={European Conference on Computer Vision},
  year={2015},
  url={https://api.semanticscholar.org/CorpusID:2141740}
}

@inproceedings{Li2023SinglestageFD,
  title={Single-stage face detection method based on feature fusion and data enhancement},
  author={Huan Li and Yujie Chen and Yang Yang and Lingdi Zhao},
  booktitle={International Conference on Artificial Intelligence and Computer Engineering (ICAICE 2022)},
  year={2023},
  url={https://api.semanticscholar.org/CorpusID:258420578}
}

@article{Deng2019RetinaFaceSD,
  title={RetinaFace: Single-stage Dense Face Localisation in the Wild},
  author={Jiankang Deng and J. Guo and Yuxiang Zhou and Jinke Yu and Irene Kotsia and Stefanos Zafeiriou},
  journal={ArXiv},
  year={2019},
  volume={abs/1905.00641},
  url={https://api.semanticscholar.org/CorpusID:143423665}
}

@article{186Текстстатті46511020230930,title={A survey on deep learning based face detection},author={The Vinh Tran and Thi Khanh Tien Nguyen and Kim Thanh Tran},journal={Applied Aspects of Information Technology},year={2023},doi={10.15276/aait.06.2023.15}}

@article{Cao2021Face,title={Face Manipulation Detection Based on Supervised Multi-Feature Fusion Attention Network},author={Lin Cao and Wenjun Sheng and Fan Zhang and Kangning Du and Chong Fu and Peiran Song},journal={Sensors (Basel, Switzerland)},year={2021},volume={21},doi={10.3390/s21248181}}

@article{Mohammed2024InsightsII,
  title={Insights into Image Understanding: Segmentation Methods for Object Recognition and Scene Classification},
  author={Sarfaraz Ahmed Mohammed and Anca L. Ralescu},
  journal={Algorithms},
  year={2024},
  volume={17},
  pages={189},
  url={https://api.semanticscholar.org/CorpusID:269463137}
}

@article{Mamieva2023Improved,title={Improved Face Detection Method via Learning Small Faces on Hard Images Based on a Deep Learning Approach},author={Dilnoza Mamieva and A. Abdusalomov and Mukhriddin Mukhiddinov and T. Whangbo},journal={Sensors (Basel, Switzerland)},year={2023},volume={23},doi={10.3390/s23010502}}


@article{Astolfi2021Syntactic,title={Syntactic Pattern Recognition in Computer Vision},author={Gilberto Astolfi and Fábio Prestes Cesar Rezende and J. Porto and E. Matsubara and H. Pistori},journal={ACM Computing Surveys (CSUR)},year={2021},volume={54},pages={1 - 35},doi={10.1145/3447241}}

@misc{yu2022yolofacev2scaleocclusionaware,
      title={YOLO-FaceV2: A Scale and Occlusion Aware Face Detector}, 
      author={Ziping Yu and Hongbo Huang and Weijun Chen and Yongxin Su and Yahui Liu and Xiuying Wang},
      year={2022},
      eprint={2208.02019},
      archivePrefix={arXiv},
      primaryClass={cs.CV},
      url={https://arxiv.org/abs/2208.02019}, 
}
@INPROCEEDINGS{6890334,
  author={Mao, Yunxiang and Li, Haohan and Yin, Zhaozheng},
  booktitle={2014 IEEE International Conference on Multimedia and Expo (ICME)}, 
  title={Who missed the class? — Unifying multi-face detection, tracking and recognition in videos}, 
  year={2014},
  volume={},
  number={},
  pages={1-6},
  keywords={Videos;Face recognition;Image recognition;Training;Face detection;Joining processes;Entropy;Face detection;face tracking;face recognition;multiple object tracking;multiple object recognition},
  doi={10.1109/ICME.2014.6890334}}
@INPROCEEDINGS{9145230,
  author={Menezes, Angelo G. and Sá, João M. D. da C. and Llapa, Eduardo and Estombelo-Montesco, Carlos A.},
  booktitle={2020 International Conference on Systems, Signals and Image Processing (IWSSIP)}, 
  title={Automatic Attendance Management System based on Deep One-Shot Learning}, 
  year={2020},
  volume={},
  number={},
  pages={137-142},
  keywords={Face;Feature extraction;Face recognition;Face detection;Detectors;Cameras;Training;Face Recognition;Deep Learning Applications;One shot Learning;Image Processing;Attendance System},
  doi={10.1109/IWSSIP48289.2020.9145230}}
@INPROCEEDINGS{9898076,
  author={Lin, Dongyun and Li, Yiqun and Cheng, Yi and Prasad, Shitala and Guo, Aiyuan},
  booktitle={2022 IEEE International Conference on Image Processing (ICIP)}, 
  title={Masked Face Recognition via Self-Attention Based Local Consistency Regularization}, 
  year={2022},
  volume={},
  number={},
  pages={436-440},
  keywords={Performance evaluation;COVID-19;Image recognition;Pandemics;Face recognition;Real-time systems;Nanoscale devices;Masked Face Recognition;Masked Face Detection and Alignment;Local Consistent Regularization},
  doi={10.1109/ICIP46576.2022.9898076}}
@ARTICLE{9495272,
  author={Qiu, Haibo and Gong, Dihong and Li, Zhifeng and Liu, Wei and Tao, Dacheng},
  journal={IEEE Transactions on Pattern Analysis and Machine Intelligence}, 
  title={End2End Occluded Face Recognition by Masking Corrupted Features}, 
  year={2022},
  volume={44},
  number={10},
  pages={6939-6952},
  keywords={Face recognition;Training;Decoding;Feature extraction;Mouth;Image restoration;Detectors;Occluded face recognition;feature mask;dynamically;end-to-end;deep convolutional neural network},
  doi={10.1109/TPAMI.2021.3098962}}
@article{HernndezdeMenndez2021BiometricAI,
  title={Biometric applications in education},
  author={Marcela Hern{\'a}ndez-de-Men{\'e}ndez and Rub{\'e}n Morales-Men{\'e}ndez and Carlos A. Escobar and Jorge F. Arinez},
  journal={International Journal on Interactive Design and Manufacturing (IJIDeM)},
  year={2021},
  volume={15},
  pages={365 - 380},
  url={https://api.semanticscholar.org/CorpusID:236513544}
}
@article{Hoo2019BiometricBasedAT,
  title={Biometric-Based Attendance Tracking System for Education Sectors: A Literature Survey on Hardware Requirements},
  author={Seng Chun Hoo and Haidi Ibrahim},
  journal={J. Sensors},
  year={2019},
  volume={2019},
  pages={7410478:1-7410478:25},
  url={https://api.semanticscholar.org/CorpusID:203138234}
}

@article{Naen2021DevelopmentOA,
  title={Development of Attendance Monitoring System with Artificial Intelligence Optimization in Cloud},
  author={Mohamad Fakir Naen and Muhamad Hariz Muhamad Adnan and Nurul Adilah Yazi and Chee Ken Nee},
  journal={International Journal of Artificial Intelligence},
  year={2021},
  url={https://api.semanticscholar.org/CorpusID:245543676}
}
@article{Tsai2023JointMF,
  title={Joint Masked Face Recognition and Temperature Measurement System Using Convolutional Neural Networks},
  author={Tsung-Han Tsai and Ji-Xiu Lu and Xuan-Yu Chou and Chieng-Yang Wang},
  journal={Sensors (Basel, Switzerland)},
  year={2023},
  volume={23},
  url={https://api.semanticscholar.org/CorpusID:257480437}
}

@article{NecocheaChamorro2024SystematicLR,
  title={Systematic Literature Review: Biometric Technology Applied to Educational Institutions},
  author={Jorge Isaac Necochea-Chamorro and Carlos Manuel Sotelo Asalde and Mariella Elizabeth Loli Nu{\~n}ez and Yesenia del Rosario V{\'a}squez Valencia},
  journal={TEM Journal},
  year={2024},
  url={https://api.semanticscholar.org/CorpusID:268174500}
}

@article{Alrowaily2022UtilizingBT,
  title={Utilizing beacon technology for the development of a smart attendance system},
  author={Majed Abdullah Alrowaily},
  journal={International Journal of ADVANCED AND APPLIED SCIENCES},
  year={2022},
  url={https://api.semanticscholar.org/CorpusID:248655196}
}

@article{Pranoto2021RealtimeTL,
  title={Real-time Triplet Loss Embedding Face Recognition for Authentication Student Attendance Records System Framework},
  author={Hady Pranoto and Oktaria Kusumawardani},
  journal={JOIV : International Journal on Informatics Visualization},
  year={2021},
  url={https://api.semanticscholar.org/CorpusID:236541698}
}

@article{Rukhiran2023IoTBasedBR,
  title={IoT-Based Biometric Recognition Systems in Education for Identity Verification Services: Quality Assessment Approach},
  author={Meennapa Rukhiran and Sethapong Wong-In and Paniti Netinant},
  journal={IEEE Access},
  year={2023},
  volume={11},
  pages={22767-22787},
  url={https://api.semanticscholar.org/CorpusID:257384331}
}

@article{Ismail2022WebbasedUC,
  title={Web-based University Classroom Attendance System Based on Deep Learning Face Recognition},
  author={Nor Azman Ismail and Cheah Wen Chai and Hussein Samma and Md Sah Salam and Layla Hasan and Nur Haliza Abdul Wahab and Farhan Mohamed and Wong Yee Leng and Mohd. Foad Rohani},
  journal={KSII Trans. Internet Inf. Syst.},
  year={2022},
  volume={16},
  pages={503-523},
  url={https://api.semanticscholar.org/CorpusID:247342666}
}

@article{Jain2022AttendanceMS,
  title={Attendance Monitoring System Using Face Recognition},
  author={Arnav V. Jain and Rahul Gupta and Mohd. Shariq Ansari and Tanveer Ikram},
  journal={International Journal for Research in Applied Science and Engineering Technology},
  year={2022},
  url={https://api.semanticscholar.org/CorpusID:249256545}
}

@article{Mao2014WhoMT,
  title={Who missed the class? — Unifying multi-face detection, tracking and recognition in videos},
  author={Yunxiang Mao and Haohan Li and Zhaozheng Yin},
  journal={2014 IEEE International Conference on Multimedia and Expo (ICME)},
  year={2014},
  pages={1-6},
  url={https://api.semanticscholar.org/CorpusID:1225180}
}

@article{Menezes2020AutomaticAM,
  title={Automatic Attendance Management System based on Deep One-Shot Learning},
  author={Angelo Garangau Menezes and Jo{\~a}o M. D. da C. S{\'a} and Eduardo Llapa and Carlos Alberto Estombelo-Montesco},
  journal={2020 International Conference on Systems, Signals and Image Processing (IWSSIP)},
  year={2020},
  pages={137-142},
  url={https://api.semanticscholar.org/CorpusID:220734984}
}

@article{Nadhan2022SmartAM,
  title={Smart Attendance Monitoring Technology for Industry 4.0},
  author={Archana S. Nadhan and Chetana Tukkoji and Boosi Shyamala and N. Dayanand Lal and A. N. Sanjeev Kumar and V. Mohan Gowda and Zameer Ahmed Adhoni and Melaku Endaweke},
  journal={Journal of Nanomaterials},
  year={2022},
  url={https://api.semanticscholar.org/CorpusID:249936522}
}

@article{Temiz2022RapidMA,
  title={Rapid Marking Attendance with Face Recognition},
  author={Hakan Temiz},
  journal={European Journal of Science and Technology},
  year={2022},
  url={https://api.semanticscholar.org/CorpusID:248224061}
}

@article{Cho2018FaceDI,
  title={Face Detection in Nighttime Images Using Visible-Light Camera Sensors with Two-Step Faster Region-Based Convolutional Neural Network},
  author={Se Woon Cho and Na Rae Baek and Min-Cheol Kim and Ja Hyung Koo and Jong Hyun Kim and Kang Ryoung Park},
  journal={Sensors (Basel, Switzerland)},
  year={2018},
  volume={18},
  url={https://api.semanticscholar.org/CorpusID:52190161}
}

@article{Guo2018AFF,
  title={A Fast Face Detection Method via Convolutional Neural Network},
  author={Guanjun Guo and Hanzi Wang and Yan Yan and Jin Zheng and B. Li},
  journal={ArXiv},
  year={2018},
  volume={abs/1803.10103},
  url={https://api.semanticscholar.org/CorpusID:4374132}
}

@article{Srivastava2019APE,
  title={A Performance Evaluation of Loss Functions for Deep Face Recognition},
  author={Yash Srivastava and Vaishnav Murali and Shiv Ram Dubey},
  journal={Communications in Computer and Information Science},
  year={2019},
  url={https://api.semanticscholar.org/CorpusID:58014158}
}

@article{Ku2020FaceRB,
  title={Face Recognition Based on MTCNN and Convolutional Neural Network},
  author={Hongchang Ku and Wei Dong},
  journal={Frontiers in Signal Processing},
  year={2020},
  url={https://api.semanticscholar.org/CorpusID:208122243}
}


@article{Aggarwal2024FDLiteAS,
  title={FDLite: A Single Stage Lightweight Face Detector Network},
  author={Yogesh Aggarwal and Prithwijit Guha},
  journal={ArXiv},
  year={2024},
  volume={abs/2406.19107},
  url={https://api.semanticscholar.org/CorpusID:270765115}
}

@Article{electronics13214184,
AUTHOR = {Liu, Linrunjia and Wang, Gaoshuai and Miao, Qiguang},
TITLE = {ADYOLOv5-Face: An Enhanced YOLO-Based Face Detector for Small Target Faces},
JOURNAL = {Electronics},
VOLUME = {13},
YEAR = {2024},
NUMBER = {21},
ARTICLE-NUMBER = {4184},
URL = {https://www.mdpi.com/2079-9292/13/21/4184},
ISSN = {2079-9292},
DOI = {10.3390/electronics13214184}
}

@inproceedings{Qi2021YOLO5FaceWR,
  title={YOLO5Face: Why Reinventing a Face Detector},
  author={Delong Qi and Weijun Tan and Qi Yao and Jingfeng Liu},
  booktitle={ECCV Workshops},
  year={2021},
  url={https://api.semanticscholar.org/CorpusID:235212562}
}
@article{Guo2021SampleAC,
  title={Sample and Computation Redistribution for Efficient Face Detection},
  author={Jia Guo and Jiankang Deng and Alexandros Lattas and Stefanos Zafeiriou},
  journal={ArXiv},
  year={2021},
  volume={abs/2105.04714},
  url={https://api.semanticscholar.org/CorpusID:234357892}
}



@inproceedings{Tan2021EfficientNetV2SM,
  title={EfficientNetV2: Smaller Models and Faster Training},
  author={Mingxing Tan and Quoc V. Le},
  booktitle={International Conference on Machine Learning},
  year={2021},
  url={https://api.semanticscholar.org/CorpusID:232478903}
}

@article{Xu2021EffectiveFD,
  title={Effective Face Detector Based on YOLOv5 and Superresolution Reconstruction},
  author={Qing-song Xu and Zhiyu Zhu and Huilin Ge and Zheqing Zhang and Xuan Zang},
  journal={Computational and Mathematical Methods in Medicine},
  year={2021},
  volume={2021},
  url={https://api.semanticscholar.org/CorpusID:244294952}
}
@article{Almadan2021TowardsOF,
  title={Towards On-Device Face Recognition in Body-worn Cameras},
  author={Ali Almadan and Ajita Rattani},
  journal={2021 IEEE International Workshop on Biometrics and Forensics (IWBF)},
  year={2021},
  pages={1-6},
  url={https://api.semanticscholar.org/CorpusID:233181819}
}
@article{Rai2020SoftwareDF,
  title={Software Development Framework for Real-Time Face Detection and Recognition in Mobile Devices},
  author={Laxmisha Rai and Zhiyuan Wang and Amila Rodrigo and Zhaopeng Deng and Haiqing Liu},
  journal={Int. J. Interact. Mob. Technol.},
  year={2020},
  volume={14},
  pages={103-120},
  url={https://api.semanticscholar.org/CorpusID:212683004}
}

@inproceedings{Tayal2013FaceRU,
  title={Face Recognition using Eigenface},
  author={Yogesh Tayal and Pramod Pandey and Dig Singh},
  year={2013},
  url={https://api.semanticscholar.org/CorpusID:6153721}
}

@article{Ahmed2018LBPHBI,
  title={LBPH based improved face recognition at low resolution},
  author={Aftab Ahmed and Jiandong Guo and Fayaz Ali and Farha Deeba and Awais Ahmed},
  journal={2018 International Conference on Artificial Intelligence and Big Data (ICAIBD)},
  year={2018},
  pages={144-147},
  url={https://api.semanticscholar.org/CorpusID:49539982}
}

@article{Yang2020FaceRA,
  title={Face Recognition Attendance System Based on Real-Time Video Processing},
  author={Hao Yang and Xiaofeng Han},
  journal={IEEE Access},
  year={2020},
  volume={8},
  pages={159143-159150},
  url={https://api.semanticscholar.org/CorpusID:221591316}
}
@article{Abid2024ComputationallyIR,
  title={Computationally intelligent real-time security surveillance system in the education sector using deep learning},
  author={Muhammad Mobeen Abid and Toqeer Mahmood and Rahan Ashraf and C. M. Nadeem Faisal and Haseeb Ahmad and Awais Amir Niaz},
  journal={PLOS ONE},
  year={2024},
  volume={19},
  url={https://api.semanticscholar.org/CorpusID:271110751}
}

@article{Nanthini2021AnEV,
  title={An Efficient Velocity Estimation Approach for Face Liveness Detection using Sparse Optical Flow Technique},
  author={N. Nanthini and N. Puviarasan and P. Aruna},
  journal={Indian Journal of Science and Technology},
  year={2021},
  url={https://api.semanticscholar.org/CorpusID:238787659}
}

@article{Hu2022AnalysisOA,
  title={Analysis of Accuracy Rate of Distributed Virtual Reality Face Recognition Based on Personal Intelligent Terminal},
  author={Muhua Hu},
  journal={Mobile Information Systems},
  year={2022},
  url={https://api.semanticscholar.org/CorpusID:248793889}
}

@article{2023RealTF,
  title={Real Time Face Recognition System using Jetson Nano},
  author={Gilbert, J.M. and Yang, W},
  journal={5th  ISSE National Conference (INAC-05)  on  Systems Approach for  Self-Reliance in Advanced Technologies},
  year={2023},
  url={https://api.semanticscholar.org/CorpusID:257724671}
}

@article{Rathour2021RealTimeFE,
  title={Real-Time Facial Emotion Recognition Framework for Employees of Organizations Using Raspberry-Pi},
  author={Navjot Rathour and Zeba Khanam and Anita Gehlot and Rajesh Singh and Mamoon Rashid and Ahmed Saeed Alghamdi and Sultan S. Alshamrani},
  journal={Applied Sciences},
  year={2021},
  url={https://api.semanticscholar.org/CorpusID:243963380}
}
@inproceedings{Dospinescu2016FaceDA,
  title={Face Detection and Face Recognition in Android Mobile Applications},
  author={Octavian Dospinescu and Iulia Popa},
  year={2016},
  url={https://api.semanticscholar.org/CorpusID:55713779}
}

@article{Voulodimos2018DeepLF,
  title={Deep Learning for Computer Vision: A Brief Review},
  author={Athanasios Voulodimos and Nikolaos D. Doulamis and Anastasios D. Doulamis and Eftychios E. Protopapadakis},
  journal={Computational Intelligence and Neuroscience},
  year={2018},
  volume={2018},
  url={https://api.semanticscholar.org/CorpusID:3557281}
}
@article{Lassance2020GraphsFD,
  title={Graphs for deep learning representations. (Graphes pour repr{\'e}senter les espaces latents des r{\'e}seaux neuronaux profonds)},
  author={C. Lassance},
  journal={ArXiv},
  year={2020},
  volume={abs/2012.07439},
  url={https://api.semanticscholar.org/CorpusID:229157607}
}

@article{Kortli2020FaceRS,
  title={Face Recognition Systems: A Survey},
  author={Yassin Kortli and Maher Jridi and Ayman Al Falou and Mohamed Atri},
  journal={Sensors (Basel, Switzerland)},
  year={2020},
  volume={20},
  url={https://api.semanticscholar.org/CorpusID:210815293}
}

@article{Omotosho2021ART,
  title={A REAL TIME FACE RECOGNITION SYSTEM USING ALEXNET DEEP CONVOLUTIONAL NETWORK TRANSFER LEARNING MODEL},
  author={Lawrence O. Omotosho and Ibrahim Kazeem Ogundoyin and Joshua O. Oyeniyi and Oluwashina A. Oyeniran},
  journal={Journal of Engineering Studies and Research},
  year={2021},
  url={https://api.semanticscholar.org/CorpusID:247211404}
}

@article{Yao2024ResearchOF,
  title={Research on facial recognition system based on deep learning},
  author={Yiming Yao},
  journal={Applied and Computational Engineering},
  year={2024},
  url={https://api.semanticscholar.org/CorpusID:267400733}
}
@article{Koodalsamy2023FaceRU,
  title={Face Recognition using Deep Learning},
  author={Banumalar Koodalsamy and Manikandan Bairavan Veerayan and Vanaja Narayanasamy},
  journal={E3S Web of Conferences},
  year={2023},
  url={https://api.semanticscholar.org/CorpusID:258723859}
}

@article{Jain2022ASO,
  title={A Survey on Face Recognition Techniques in Machine Learning},
  author={Shantanu Jain and Vrushaket Chaudhari and Rushikesh Chuadhari and Tanvesh Chavan and Prof. Priyanka Shahane},
  journal={International Journal of Scientific Research in Computer Science, Engineering and Information Technology},
  year={2022},
  url={https://api.semanticscholar.org/CorpusID:254555686}
}

@article{Ejaz2023FacialRE,
  title={Facial Recognition-Based Entry System for Student Residence Halls: Enhancing Security and Accessibility},
  author={Md. Sabbir Ejaz and Sourav Debnath and Mohammad Kamrul Hasan and Md. Mahbubul Alam},
  journal={Asian Journal of Research in Computer Science},
  year={2023},
  url={https://api.semanticscholar.org/CorpusID:266256380}
}

@article{Mekruksavanich2021DeepLA,
  title={Deep Learning Approaches for Continuous Authentication Based on Activity Patterns Using Mobile Sensing},
  author={Sakorn Mekruksavanich and Anuchit Jitpattanakul},
  journal={Sensors (Basel, Switzerland)},
  year={2021},
  volume={21},
  url={https://api.semanticscholar.org/CorpusID:244142810}
}

@article{Duong2018MobiFaceAL,
  title={MobiFace: A Lightweight Deep Learning Face Recognition on Mobile Devices},
  author={Chi Nhan Duong and Kha Gia Quach and Ngan T. H. Le and Nghia T. Nguyen and Khoa Luu},
  journal={2019 IEEE 10th International Conference on Biometrics Theory, Applications and Systems (BTAS)},
  year={2018},
  pages={1-6},
  url={https://api.semanticscholar.org/CorpusID:53756982}
}

@article{Yan2019VarGFaceNetAE,
  title={VarGFaceNet: An Efficient Variable Group Convolutional Neural Network for Lightweight Face Recognition},
  author={Mengjia Yan and Mengao Zhao and Zining Xu and Qian Zhang and Guoli Wang and Zhizhong Su},
  journal={2019 IEEE/CVF International Conference on Computer Vision Workshop (ICCVW)},
  year={2019},
  pages={2647-2654},
  url={https://api.semanticscholar.org/CorpusID:204401673}
}

@article{Qin2020IdentifyingFC,
  title={Identifying Facemask-Wearing Condition Using Image Super-Resolution with Classification Network to Prevent COVID-19},
  author={Bosheng Qin and Dongxiao Li},
  journal={Sensors (Basel, Switzerland)},
  year={2020},
  volume={20},
  url={https://api.semanticscholar.org/CorpusID:221769697}
}

@article{Chen2018MobileFaceNetsEC,
  title={MobileFaceNets: Efficient CNNs for Accurate Real-time Face Verification on Mobile Devices},
  author={Sheng Chen and Yang Liu and Xiang Gao and Zhen Han},
  journal={ArXiv},
  year={2018},
  volume={abs/1804.07573},
  url={https://api.semanticscholar.org/CorpusID:5025785}
}

@article{Jin2023EEFDetAE,
  title={EEFDet: an efficient and effective face detector for lightweight, fast, and accurate face detection},
  author={Mingxin Jin and Huifang Li},
  journal={Journal of Electronic Imaging},
  year={2023},
  volume={32},
  pages={023013 - 023013},
  url={https://api.semanticscholar.org/CorpusID:257636066}
}


@article{Yanjiao2020,
title = {Deep Learning on Mobile and Embedded Devices: State-of-the-art, Challenges, and Future Directions},
author = {Chen, Yanjiao and Zheng, Baolin and Zhang, Zihan and Wang, Qian and Shen, Chao and Zhang, Qian},
journal = {ACM Comput. Surv.},
year = {2020},
issue_date = {July 2021},
publisher = {Association for Computing Machinery},
address = {New York, NY, USA},
volume = {53},
number = {4},
issn = {0360-0300},
url = {https://doi.org/10.1145/3398209},
doi = {10.1145/3398209}
}
@article{Du2020TheEO,
  title={The Elements of End-to-end Deep Face Recognition: A Survey of Recent Advances},
  author={Hang Du and Hailin Shi and Dan Zeng and Xiaoping Zhang and Tao Mei},
  journal={ACM Computing Surveys (CSUR)},
  year={2020},
  volume={54},
  pages={1 - 42},
  url={https://api.semanticscholar.org/CorpusID:221971291}
}
@article{Bai2020DesignOA,
  title={Design of Attendance System Based on Face Recognition and Android Platform},
  author={Xiaojun Bai and Feihu Jiang and Tianyi Shi and Yuang Wu},
  journal={2020 International Conference on Computer Network, Electronic and Automation (ICCNEA)},
  year={2020},
  pages={117-121},
  url={https://api.semanticscholar.org/CorpusID:226845135}
}

@inproceedings{Soyemi2020AnAF,
  title={An Android-based Face Recognition System for Class Attendance and Malpractice Control},
  author={Jumoke Soyemi},
  year={2020},
  url={https://api.semanticscholar.org/CorpusID:231674947}
}

@article{Ahmad2024MobilefacenetBasedFR,
  title={Mobilefacenet-Based Facial Recognition System for Contactless Access Control},
  author={Zubairu Muhammad Ahmad and Abdullateef Oluwagbemiga Balogun1 and Aminu Aminu Muazu and Hussaini Mamman and Rafiat Ajibade Oyekunle},
  journal={Platform : A Journal of Science and Technology},
  year={2024},
  url={https://api.semanticscholar.org/CorpusID:271223349}
}

@article{Srikram2024AttendanceCO,
  title={Attendance Checking-Based On-Device Multiple Face Recognition using Flutter Platform},
  author={Pitchayapatchaya Srikram and Patamavadee Tubthong and Siripassorn Meewawsang and Sumonjit Sangkhao and Jedsada Arunruerk},
  journal={2024 Joint International Conference on Digital Arts, Media and Technology with ECTI Northern Section Conference on Electrical, Electronics, Computer and Telecommunications Engineering (ECTI DAMT \& NCON)},
  year={2024},
  pages={69-73},
  url={https://api.semanticscholar.org/CorpusID:268877557}
}